%Entries

% 1
@Book{Poppendieck:2003:LSD,
  editor =       "Mary Poppendieck and Tom Poppendieck",
  title =        "Lean Software Development: an Agile Toolkit",
  publisher =    pub-AW,
  address =      pub-AW:adr,
  pages =        "203",
  year =         "2003",
  ISBN =         "0-321-15078-3",
  ISBN-13 =      "978-0-321-15078-3",
}

% 2
@online{Android18,
  author =       "Android Open Source Project",
  title =        "Android",
  url =          "https://www.android.com/",
  lastaccessed = "March 10, 2018",
   year = 2018,
}

% 3
@online{Tizen18,
  author =       "Linux Foundation Project",
  title =        "Tizen An open source standards-based software platform",
  url =          "https://www.tizen.org/",
  lastaccessed = "March 10, 2018",
   year = 2018,
}

%4
@Inproceedings{Costa18,
  author =       "Marcia C. C. Costa and Gizelle S.Lemos and FlavioBeck",
  title =        "Software Engineering Tools Environment for Outsourcing Teams Collaboration",
  booktitle =    "Proceedings of  13th IEEE/ACM International Conference on Global Software Engineering",
  year =         "2018",
  doi =          "10.1145/3196369.3196393",
  url =          "https://doi.org/10.1145/3196369.3196393",
  month =        "mar",
}

%5
@techreport{IEEE12207-08,
    title = "ISO/IEC 12207:08 - Systems and Software Engineering - Software Life Cycle Processes",
    doi = "10.1109/ieeestd.2008.4475826",
    journal = "IEEE STD 12207-2008",
    pages = "c1--138",
    publisher = "IEEE",
    url = "http://dx.doi.org/10.1109/ieeestd.2008.4475826",
    year = "2008",
}

%6
@online{XP13,
  author =       "Don Wells",
  title =        "Extreme programming - a gentle introduction",
  url =          "http://www.extremeprogramming.org/",
  lastaccessed = "March 10, 2018",
   year = 2013,
}

%7
@online{Scrum18,
  author =       "Scrum.org",
  title =        "Homepage - Scrum.org",
  url =          "https://www.scrum.org/",
  lastaccessed = "March 10, 2018",
   year = 2018,
}

%8

@online{Protex,
  author =       "Black Duck Company",
  year =         "2018",
  title =        "Protex tool",
  url =          "https://www.blackducksoftware.com/",
  lastaccessed = "March, 2018",
}